@misc{Paparazzi,
	title = "{Paparazzi, The Free Autopilot}",
	howpublished = "paparazziuav.org, Release of 2015-01-20",
    url = "http://wiki.paparazziuav.org/wiki/Main_Page"}

@misc{FlightAware,
	title = "{FlightAware, Live Flight Tracking}",
	howpublished = "flightaware.com, Release of 2015-01-20",
    url = "http://flightaware.com/"}

@misc{PPRZonDroid,
	title = "{PPRZonDroid}",
	howpublished = "wiki.paparazziuav.org/wiki/PPRZonDroid, Release of 2015-01-20"}

@misc{FlightRadar24,
	title = "{Flight Radar 24, Live Air Traffic}",
	howpublished = "flightradar24.com, Release of 2015-01-20",
    url = "http://flightradar24.com"}

@misc{ARDroneFlight,
	title = "{ARDrone Flight Recorder}",
	howpublished = "ardrone2.parrot.com/apps/flight-recorder/, Release of 2015-01-20",
    url = "http://ardrone2.parrot.com/apps/flight-recorder/"}

@misc{ARDrone,
	title = "{Parrot AR.Drone}",
	howpublished = "ardrone2.parrot.com, Release of 2015-01-20",
    url = "ardrone2.parrot.com"}

@misc{GoogleSky,
	title = "{Google Sky Maps}",
	howpublished = "play.google.com/store/apps/details?id=com.google.android.stardroid, Release of 2015-01-20",
    url = "https://play.google.com/store/apps/details?id=com.google.android.stardroid"}

@article{Vasarhelyi14,
	title = "Outdoor flocking and formation flight with autonomous aerial robots",
	author = "{G. V\`as\`arhelyi, Cs. Vir\`agh, G. Somorjai, N. Tarcai, T. Szörényi, T. Nepusz, T. Vicsek}",
	journal = "IEEE IROS Conference",
	year = 2014}

@article{Sampigethaya12,
	title = "Enhancing ADS-B for UAV Operations",
	author = "K. Sampigethaya, R. Poovendran",
	journal = "AIAA",
	year = 2012}

@misc{faaAdsbServices,
	title = "{FAA ADS-B Services}",
	howpublished = "www.faa.gov/nextgen/ads-b/broadcastservices/, Release of 2015-01-20",
    url = "http://www.faa.gov/nextgen/ads-b/broadcastservices/"}

@misc{faaAdsbArchitecture,
	title = "{FAA Announces Automatic Dependent Surveillance-Broadcast Architecture}",
	publisher = "FAA Press Release",
	howpublished = "\url{www.faa.gov/news/press_releases/news_story.cfm?newsId=5520}, Release of 2015-01-20"}

@inproceedings{VeyPRG14,
  author    = {Quentin Vey and
               Alain Pirovano and
               Jos{\'{e}} Radzik and
               Fabien Garcia},
  title     = {Aeronautical Ad Hoc Network for Civil Aviation},
  booktitle = {Communication Technologies for Vehicles - 6th International Workshop,
               Nets4Cars/Nets4Trains/Nets4Aircraft 2014, Offenburg, Germany, May
               6-7, 2014. Proceedings},
  pages     = {81--93},
  year      = {2014},
  url       = {http://dx.doi.org/10.1007/978-3-319-06644-8_8},
  doi       = {10.1007/978-3-319-06644-8_8},
  timestamp = {Wed, 30 Apr 2014 14:43:38 +0200},
  biburl    = {http://dblp.uni-trier.de/rec/bib/conf/nets4cars/VeyPRG14},
  bibsource = {dblp computer science bibliography, http://dblp.org}
}

@inproceedings{RoyerPG13,
  author    = {Micka{\"{e}}l Royer and
               Alain Pirovano and
               Fabien Garcia},
  title     = {Survey on Context-Aware Publish/Subscribe Systems for {VANET}},
  booktitle = {Communication Technologies for Vehicles, 5th International Workshop,
               Nets4Cars/Nets4Trains 2013, Villeneuve d'Ascq, France, May 14-15,
               2013. Proceedings},
  pages     = {46--58},
  year      = {2013},
  url       = {http://dx.doi.org/10.1007/978-3-642-37974-1_4},
  doi       = {10.1007/978-3-642-37974-1_4},
  timestamp = {Fri, 24 May 2013 10:22:02 +0200},
  biburl    = {http://dblp.uni-trier.de/rec/bib/conf/nets4cars/RoyerPG13},
  bibsource = {dblp computer science bibliography, http://dblp.org}
}

@inproceedings{Abrassart14,
  TITLE = {{A Mobility Model For UAV Ad hoc Network}},
  AUTHOR = {Bouachir, Ons and Abrassart, Alino{\'e} and Garcia, Fabien and Larrieu, Nicolas},
  URL = {https://hal-enac.archives-ouvertes.fr/hal-00998651},
  BOOKTITLE = {{ICUAS 2014, International Conference on Unmanned Aircraft Systems}},
  ADDRESS = {Orlando, United States},
  PAGES = {pp 383-388},
  YEAR = {2014},
  MONTH = May,
  KEYWORDS = {mobility models ; ad hoc networks ; UAV ; Paparazzi system},
  HAL_ID = {hal-00998651},
  HAL_VERSION = {v1},
}

@phdthesis{bouachir14,
  TITLE = {{Design and implementation of communication architecture for civil mini-UAVs}},
  AUTHOR = {Bouachir, Ons},
  URL = {https://tel.archives-ouvertes.fr/tel-01092318},
  SCHOOL = {{Universit{\'e} Toulouse 3 Paul Sabatier (UT3 Paul Sabatier)}},
  YEAR = {2014},
  MONTH = Dec,
  KEYWORDS = {Quality QoS/QoE ; distributed cooperative system ; Ad hoc Network Architecture ; Unmanned Aerial Vehicle UAV ; Drones ; Reseaux mobiles ad hoc},
  TYPE = {Theses},
  HAL_ID = {tel-01092318},
  HAL_VERSION = {v1},
}

@inproceedings{hattenberger13,
  TITLE = {{Flight tests for meteorological studies with MAV}},
  AUTHOR = {Hattenberger, Gautier and Cayez, Gr{\'e}goire and Roberts, Greg},
  URL = {https://hal-enac.archives-ouvertes.fr/hal-00936235},
  BOOKTITLE = {{IMAV 2013, International Micro Air Vehicle Conference and Flight Competition}},
  ADDRESS = {Toulouse, France},
  PAGES = {pp xxxx},
  YEAR = {2013},
  MONTH = Sep,
  HAL_ID = {hal-00936235},
  HAL_VERSION = {v1},
}

@inproceedings{eckert2013flying,
  author = {Eckert, Juergen and Eckhoff, David and German, Reinhard},
  title = {{Flying Ad-Hoc Network Communication for Detecting Thermals: Feasibility and Insights}},
  booktitle = {3rd International Conference on Innovative Computing Technology (INTECH 2013)},
  pages = {333-338},
  year = {2013},
  month = {August},
  address = {London, UK},
  publisher = {IEEE},
  doi = {10.1109/INTECH.2013.6653654},
}

@article{Cubber13,
author = {Geert De Cubber and Daniela Doroftei and Yvan Baudoin and Daniel Serrano and Karsten Berns and Christopher Armbrust and Keshav Chintamani and Rui Sabino and Stephane Ourevitch and Tommaso Flamma},
title = {{Search and Rescue robots developed by the European ICARUS project}},
volume = {1},
year = {2013},
masid = {61432445}
}



