@misc{Paparazzi,
	title = "{Paparazzi, The Free Autopilot}",
	howpublished = "paparazziuav.org, Release of 2015-01-20",
    url = "http://wiki.paparazziuav.org/wiki/Main_Page"}

@misc{FlightAware,
	title = "{FlightAware, Live Flight Tracking}",
	howpublished = "flightaware.com, Release of 2015-01-20",
    url = "http://flightaware.com/"}

@misc{FlightRadar24,
	title = "{Flight Radar 24, Live Air Traffic}",
	howpublished = "flightradar24.com, Release of 2015-01-20",
    url = "http://flightradar24.com"}

@misc{ARDroneFlight,
	title = "{ARDrone Flight Recorder}",
	howpublished = "ardrone2.parrot.com/apps/flight-recorder/, Release of 2015-01-20",
    url = "http://ardrone2.parrot.com/apps/flight-recorder/"}

@misc{ARDrone,
	title = "{Parrot AR.Drone}",
	howpublished = "ardrone2.parrot.com, Release of 2015-01-20",
    url = "ardrone2.parrot.com"}

@misc{GoogleSky,
	title = "{Google Sky Maps}",
	howpublished = "play.google.com/store/apps/details?id=com.google.android.stardroid, Release of 2015-01-20",
    url = "https://play.google.com/store/apps/details?id=com.google.android.stardroid"}