@misc{aopaseminar,
	title = "{AOPA Seminar on Portable ADS-B devices}",
	howpublished = "www.aopa.org/News-and-Video/All-News/2014/April/02/Portable-ADS-B-seminar.aspx, Release of 2015-01-20",
    url = "http://www.aopa.org/News-and-Video/All-News/2014/April/02/Portable-ADS-B-seminar.aspx"}

@misc{faaAdsbServices,
	title = "{FAA ADS-B Services}",
	howpublished = "www.faa.gov/nextgen/ads-b/broadcastservices/, Release of 2015-01-20",
    url = "http://www.faa.gov/nextgen/ads-b/broadcastservices/"}

@misc{efficiencyGains,
	title = "{ADS-B and air traffic management procedures offer time and fuel savings for cost challenged industry}",
	howpublished = "www.aviationtoday.com/av/issue/feature/Avionics-Driving-Efficiency-Gains-29234.html, Release of 2015-01-20",
    url = "http://www.aviationtoday.com/av/issue/feature/Avionics-Driving-Efficiency-Gains_29234.html"}

@misc{faaAdsbArchitecture,
	title = "{FAA Announces Automatic Dependent Surveillance-Broadcast Architecture}",
	publisher = "FAA Press Release",
	howpublished = "\url{www.faa.gov/news/press_releases/news_story.cfm?newsId=5520}, Release of 2015-01-20"}

@misc{radarReplacement,
	title = "{FAA Officially Launches Radar's Replacement}",
	howpublished = "www.flyingmag.com/gear/avionics/faa-officially-launches-radars-replacement, Release of 2015-01-20",
    url = "http://www.flyingmag.com/gear/avionics/faa-officially-launches-radars-replacement"}

@article{Kunzi09,
	author = "Fabrice Kunzi",
	year =  "2009", 
	title = "Development of High User Benefit ADS-B Applications: Conflict Detection for General Aviation",
	publisher = "MIT International Center for Air Transportation"}

@misc{trigAvionicsSupport,
	title = "{Trig Avionics Support}",
	howpublished = "www.trig-avionics.com/adsb.html, Release of 2015-01-20",
    url = "http://www.trig-avionics.com/adsb.html"}

@misc{australiaCoverage,
	title = "{Australia in world first for nationwide ADS-B coverage}",
	howpublished = "www.flightglobal.com/news/articles/australia-in-world-first-for-nationwide-ads-b-coverage-336523/, Release of 2015-01-20",
	publisher = "Flight Global Magazine",
    url = "http://www.flightglobal.com/news/articles/australia-in-world-first-for-nationwide-ads-b-coverage-336523/"}

@techreport{faaStandardOrder,
	title = "{Extended Squitter Automatic Dependent Surveillance - Broadcast
(ADS-B) and Traffic Information Service - Broadcast (TIS-B)
Equipment Operating on the Radio Frequency of 1090 Megahertz
(MHz)}",
	author = "Federal Aviation Administration Aircraft Certification Service",
	publisher = "Department of Transportation"}

@misc{adsbSpoofing,
	title = "{ADS-B Is Insecure and Easily Spoofed, Say Hackers}",
	howpublished = "www.ainonline.com/aviation-news/aviation-international-news/2012-09-03/ads-b-insecure-and-easily-spoofed-say-hackers, Release of 2015-01-20"}

@misc{faaHackersDisagree,
	title = "{ADS-B Is Insecure and Easily Spoofed, Say Hackers}",
	howpublished = "www.ainonline.com/aviation-news/air-transport/2012-08-21/hackers-faa-disagree-over-ads-b-vulnerability, Release of 2015-01-20"}

@misc{adsbSpoofingVid,
	title = "{Spoofing ADS-B}",
	howpublished = "www.youtube.com/watch?v=NSLqRXyxiBo, Release of 2015-01-20"}

@article{Costin,
	title = "Ghost in the Air(Traffic): On insecurity of ADS-B protocol and practical attacks on ADS-B devices",
	author = {Andrei Costin, Aurelien Francillon},
	institution = "EURECOM"}